<record><leader>00000cas a2200000 a 4500</leader><controlfield tag="001">1753969</controlfield><controlfield tag="008">751101u19uuuuuucauuu ne      0    0eng d</controlfield><controlfield tag="009">501</controlfield><datafield ind1=" " ind2=" " tag="010"><subfield code="a">sn2002061509</subfield></datafield><datafield ind1=" " ind2=" " tag="040"><subfield code="a">MUL</subfield><subfield code="c">MUL</subfield><subfield code="d">NYS</subfield><subfield code="d">OCLCQ</subfield></datafield><datafield ind1=" " ind2=" " tag="043"><subfield code="a">n-us-ca</subfield></datafield><datafield ind1="0" ind2="0" tag="245"><subfield code="a">Iron cage.</subfield></datafield><datafield ind1=" " ind2=" " tag="260"><subfield code="a">Mendicino, Calif. :</subfield><subfield code="b">Illustrated Paper</subfield></datafield><datafield ind1=" " ind2=" " tag="300"><subfield code="a">v. :</subfield><subfield code="b">ill.</subfield></datafield><datafield ind1=" " ind2=" " tag="515"><subfield code="a">Some issues unnumbered.</subfield></datafield><datafield ind1=" " ind2=" " tag="530"><subfield code="a">Available on microfilm from UMI (Underground newspaper/press collection).</subfield></datafield><datafield ind1=" " ind2="0" tag="650"><subfield code="a">Underground press</subfield><subfield code="z">California</subfield><subfield code="z">Mendocino.</subfield></datafield><datafield ind1=" " ind2="0" tag="651"><subfield code="a">Mendocino (Calif.)</subfield><subfield code="v">Newspapers.</subfield></datafield><datafield ind1=" " ind2="0" tag="651"><subfield code="a">Mendocino County (Calif.)</subfield><subfield code="v">Newspapers.</subfield></datafield><datafield ind1=" " ind2=" " tag="752"><subfield code="a">United States</subfield><subfield code="b">California</subfield><subfield code="c">Mendocino</subfield><subfield code="d">Mendocino.</subfield></datafield></record>